@article{church_unsolvable_1936,
	title = {An {Unsolvable} {Problem} of {Elementary} {Number} {Theory}},
	volume = {58},
	issn = {00029327},
	url = {https://www.jstor.org/stable/2371045?origin=crossref},
	doi = {10.2307/2371045},
	number = {2},
	urldate = {2025-01-26},
	journal = {American Journal of Mathematics},
	author = {Church, Alonzo},
	month = apr,
	year = {1936},
	pages = {345},
}
